@techreport{crf,
    author  = {John Lafferty and ANdrew McCallum and Fernando Pereira},
    title   = {Conditional Random Fields: Probabilistic Models for Segmenting and Labeling Sequence
Data},
    institution = {The Stanford Natural Language Processing Group },
    year    = {2001},
}

@article{sner,
    author  = {Jenny Rose Finkel and Trond Grenager and Christopher Manning},
    title   = {Incorporating Non-local Information into Information Extraction Systems by Gibbs
Sampling},
    journal = {Proceedings of the 43nd Annual Meeting of the Association for Computational
Linguistics (ACL 2005)},
    year    = {2005},
    pages   = {363-370}
}

@article{bart,
    author  = {Yannick Versley and Simone Paolo Ponzetto and Massimo Poesio and Vladimir
Eidelman and Alan Jern and Jason Smith and Xiaofeng Yang and Alessandro Moschitti},
    title   = {BART: A Modular Toolkit for Coreference Resolution},
    journal = {Proceedings of the 6th International Conference on Language Resources and Evaluation
(LREC 2008)},
    year    = {2008}
}

@article{string_kernel_coref,
    author  = {Yannick Versley and Alessandro Moschitti and Massimo Poesio and Xiaofeng Yang},
    title   = {Coreference Systems based on Kernels Methods},
    journal = {Proceedings of the 22nd International Conference on Computational Linguistics (Coling
2008)},
    year    = {2008}
}

@article{dummy,
    author  = {},
    title   = {},
    journal = {},
    year    = {},
    volume  = {},
    number  = {},
    pages   = {}
}